@inproceedings{zhou2019iros,
  author    = {Zhou, Firstname and Coauthor, Secondname},
  title     = {An Efficient and Accurate Algorithm for the Perspecitve-n-Point
Problem},
  note      = {\url{https://www.cs.cmu.edu/~kaess/pub/Zhou19iros.pdf}}
}
